@article{ccoltekin2023complexity,
  title={What do complexity measures measure? Correlating and validating corpus-based measures of morphological complexity},
  author={{\c{C}}{\"o}ltekin, {\c{C}}a{\u{g}}r{\i} and Rama, Taraka},
  journal={Linguistics Vanguard},
  volume={9},
  number={s1},
  pages={27--43},
  year={2023},
  publisher={De Gruyter}
}